@misc{ Nobody06,
       author = "Nobody Jr",
       title = "My Article",
       year = "2006" }

@misc { palletsprojects,
        title = "Flask",
        howpublished = "\url{https://palletsprojects.com/p/flask/}",
        note = "{(abgerufen am: 20.05.2019)}"
}

@misc { react.js,
        title = "{React Homepage}",
        howpublished = "\url{https://reactjs.org/}",
        note = "{(abgerufen am: 20.05.2019)}"
}

@misc { p5.js,
        title = "{p5.js Homepage}",
        howpublished = "\url{https://p5js.org/}",
        note = "{(abgerufen am: 20.05.2019)}"
}

@misc { redhat-docker,
        title = "{Was ist Docker?}",
        howpublished = "\url{https://www.redhat.com/de/topics/containers/what-is-docker}",
        note = "{(abgerufen am: 20.05.2019)}"
}